@article{sacks1989design,
  title={Design and analysis of computer experiments},
  author={Sacks, Jerome and Welch, William J and Mitchell, Toby J and Wynn, Henry P},
  journal={Statistical science},
  pages={409--423},
  year={1989},
  publisher={JSTOR}
}

@article{jones1998efficient,
  title={Efficient global optimization of expensive black-box functions},
  author={Jones, Donald R and Schonlau, Matthias and Welch, William J},
  journal={Journal of Global optimization},
  volume={13},
  number={4},
  pages={455--492},
  year={1998},
  publisher={Springer}
}

@article{ranjan2008sequential,
  title={Sequential experiment design for contour estimation from complex computer codes},
  author={Ranjan, Pritam and Bingham, Derek and Michailidis, George},
  journal={Technometrics},
  volume={50},
  number={4},
  pages={527--541},
  year={2008},
  publisher={Taylor \& Francis}
}

@article{bernardo1992some,
  title={Some Bayesian numerical analysis},
  author={Bernardo, J and Berger, J and Dawid, A and Smith, A},
  journal={Bayesian statistics},
  volume={4},
  pages={345--363},
  year={1992}
}

@inproceedings{solak2003derivative,
  title={Derivative observations in Gaussian process models of dynamic systems},
  author={Solak, Ercan and Murray-Smith, Roderick and Leithead, William E and Leith, Douglas J and Rasmussen, Carl E},
  booktitle={Advances in neural information processing systems},
  pages={1057--1064},
  year={2003}
}

@article{fiege2018algorithmic,
  title={Algorithmic differentiation for piecewise smooth functions: a case study for robust optimization},
  author={Fiege, Sabrina and Walther, Andrea and Kulshreshtha, Kshitij and Griewank, Andreas},
  journal={Optimization Methods and Software},
  volume={33},
  number={4-6},
  pages={1073--1088},
  year={2018},
  publisher={Taylor \& Francis}
}

@article{gramacy2008bayesian,
  title={Bayesian treed Gaussian process models with an application to computer modeling},
  author={Gramacy, Robert B and Lee, Herbert K H},
  journal={Journal of the American Statistical Association},
  volume={103},
  number={483},
  pages={1119--1130},
  year={2008},
  publisher={Taylor \& Francis}
}

@article{kim2005analyzing,
  title={Analyzing nonstationary spatial data using piecewise Gaussian processes},
  author={Kim, Hyoung-Moon and Mallick, Bani K and Holmes, Chris C},
  journal={Journal of the American Statistical Association},
  volume={100},
  number={470},
  pages={653--668},
  year={2005},
  publisher={Taylor \& Francis}
}

@inproceedings{plagemann2008nonstationary,
  title={Nonstationary Gaussian process regression using point estimates of local smoothness},
  author={Plagemann, Christian and Kersting, Kristian and Burgard, Wolfram},
  booktitle={Joint European Conference on Machine Learning and Knowledge Discovery in Databases},
  pages={204--219},
  year={2008},
  organization={Springer}
}

@inproceedings{paciorek2004nonstationary,
  title={Nonstationary covariance functions for Gaussian process regression},
  author={Paciorek, Christopher J and Schervish, Mark J},
  booktitle={Advances in neural information processing systems},
  pages={273--280},
  year={2004}
}

@article{stein2005nonstationary,
  title={Nonstationary spatial covariance functions},
  author={Stein, Michael L},
  journal={Unpublished technical report},
  year={2005}
}

@article{jacobs1991adaptive,
  title={Adaptive mixtures of local experts.},
  author={Jacobs, Robert A and Jordan, Michael I and Nowlan, Steven J and Hinton, Geoffrey E and others},
  journal={Neural computation},
  volume={3},
  number={1},
  pages={79--87},
  year={1991}
}

@inproceedings{tresp2001mixtures,
  title={Mixtures of Gaussian processes},
  author={Tresp, Volker},
  booktitle={Advances in neural information processing systems},
  pages={654--660},
  year={2001}
}

@inproceedings{rasmussen2002infinite,
  title={Infinite mixtures of Gaussian process experts},
  author={Rasmussen, Carl E and Ghahramani, Zoubin},
  booktitle={Advances in neural information processing systems},
  pages={881--888},
  year={2002}
}

@inproceedings{meeds2006alternative,
  title={An alternative infinite mixture of Gaussian process experts},
  author={Meeds, Edward and Osindero, Simon},
  booktitle={Advances in Neural Information Processing Systems},
  pages={883--890},
  year={2006}
}

@inproceedings{yuan2009variational,
  title={Variational mixture of Gaussian process experts},
  author={Yuan, Chao and Neubauer, Claus},
  booktitle={Advances in Neural Information Processing Systems},
  pages={1897--1904},
  year={2009}
}

@article{wendland1995piecewise,
  title={Piecewise polynomial, positive definite and compactly supported radial functions of minimal degree},
  author={Wendland, Holger},
  journal={Advances in computational Mathematics},
  volume={4},
  number={1},
  pages={389--396},
  year={1995},
  publisher={Springer}
}

@inproceedings{rasmussen2003gaussian,
  title={Gaussian processes in machine learning},
  author={Rasmussen, Carl Edward},
  booktitle={Summer School on Machine Learning},
  pages={63--71},
  year={2003},
  organization={Springer}
}

@article{wendland1995piecewise,
  title={Piecewise polynomial, positive definite and compactly supported radial functions of minimal degree},
  author={Wendland, Holger},
  journal={Advances in computational Mathematics},
  volume={4},
  number={1},
  pages={389--396},
  year={1995},
  publisher={Springer}
}

@article{fasshauer1998smoothing,
  title={On smoothing for multilevel approximation with radial basis functions},
  author={Fasshauer, Gregory E},
  journal={Approximation theory IX},
  volume={2},
  pages={55--62},
  year={1998},
  publisher={Vanderbilt University Press Nashville, TN}
}

@phdthesis{gibbs1998bayesian,
  title={Bayesian Gaussian processes for regression and classification},
  author={Gibbs, Mark N},
  year={1998},
  school={Citeseer}
}

@article{marmin2018warped,
  title={Warped Gaussian Processes and Derivative-Based Sequential Designs for Functions with Heterogeneous Variations},
  author={Marmin, S{\'e}bastien and Ginsbourger, David and Baccou, Jean and Liandrat, Jacques},
  journal={SIAM/ASA Journal on Uncertainty Quantification},
  volume={6},
  number={3},
  pages={991--1018},
  year={2018},
  publisher={SIAM}
}

@article{xiong2007non,
  title={A non-stationary covariance-based Kriging method for metamodelling in engineering design},
  author={Xiong, Ying and Chen, Wei and Apley, Daniel and Ding, Xuru},
  journal={International Journal for Numerical Methods in Engineering},
  volume={71},
  number={6},
  pages={733--756},
  year={2007},
  publisher={Wiley Online Library}
}
